@online{appsemble,
	author = {d-centralize},
	title = {Appsemble},
	date = {27-09-2016},
	url = {https://www.appsemble.com/},
}
@online{bankai,
	author = {Bankai},
	title = {Bankai - User experience (UX) design and strategy},
	date = {26-09-2016},
	url = {http://www.bankai.eu/},
}
@online{appMachine,
	author = {AppMachine},
	title = {AppMachine: Make an app within hours.},
	date = {27-09-2016},
	url = {http://www.appmachine.com/},
}
@online{appery,
	author = {Appery.io},
	title = {Enterprise Mobile App Builder},
	date = {27-09-2016},
	url = {https://appery.io/},
}
@online{goodBarber,
	author = {GoodBarber},
	title = {GoodBarber | Create apps with the best app builder for iOS and Android},
	date = {27-09-2016},
	url = {http://www.goodbarber.com/},
}
@online{biznessApps,
author = {BiznessApps},
title = {Mobile App Maker.},
date = {27-09-2016},
url = {https://www.biznessapps.com/},
}
